%
% This is file `coppe.bib'.
%
% Bibliographic references for the documentation.
%
% Copyright (C) 2011 CoppeTeX Project and any individual authors listed
% elsewhere in this file.
%
% This program is free software; you can redistribute it and/or modify
% it under the terms of the GNU General Public License version 3 as
% published by the Free Software Foundation.
%
% This program is distributed in the hope that it will be useful,
% but WITHOUT ANY WARRANTY; without even the implied warranty of
% MERCHANTABILITY or FITNESS FOR A PARTICULAR PURPOSE. See the
% GNU General Public License version 3 for more details.
%
% You should have received a copy of the GNU General Public License
% version 3 along with this package (see COPYING file).
% If not, see <http://www.gnu.org/licenses/>.
%
% $URL: https://coppetex.svn.sourceforge.net/svnroot/coppetex/trunk/coppe.bib $
% $Id: coppe.bib 118 2008-10-18 14:17:06Z helano $
%
% Author(s): Vicente H. F. Batista
%            George O. Ainsworth Jr.
%

@BOOK{book-example,
   author = "R. Abraham and J. E. Marsden and T. Ratiu",
   title = "Manifolds, Tensor Analysis, and Applications",
   edition = "2",
   address = "New York",
   publisher = "Springer-Verlag",
   year = "1988",
}

@ARTICLE{article-example,
   author = "D. Iesan",
   title = {Existence Theorems in the Theory of Mixtures},
   journal = {Journal of Elasticity},
   volume = {42},
   number = {2},
   pages = {145--163},
   month = feb,
   year = 1996,
}

@TECHREPORT{techreport-exampleIn,
  author = "D. A. Garret",
  title = "The Microscopic Detection of Corrosion in Aluminum Aircraft Structures with Thermal Neutron Beams and Film Imaging Methods",
  type = "In: Report",
  number = "NBSIR 78-1434",
  institution = "National Bureau of Standards",
  address = "Washington, D.C.",
  year = "1977",
}

@TECHREPORT{techreport-example,
   author = "L. Maestrello",
   title = "Two-Point Correlations of Sound Pressure in the Far Field of a Jet: Experiment",
   type = "{NASA}",
   number = "{TM}~{X}-72835",
   year = 1976,
}

@INPROCEEDINGS{inproceedings-example,
   author = "M. E. Gurtin",
   title = "On the nonlinear theory of elasticity",
   booktitle = "Proceedings of the International Symposium on Continuum Mechanics and Partial Differential Equations: Contemporary Developments in Continuum Mechanics and Partial Differential Equations",
   pages = "237-253",
   address = "Rio de Janeiro",
   month = aug,
   year = 1977,
}


@INCOLLECTION{incollection-example,
   author = "S. C. Cowin",
   title = "Adaptive Anisotropy: An Example in Living Bone",
   booktitle = "Non-Classical Continuum Mechanics",
   series = "London Mathematical Society Lecture Note Series",
   volume = "122",
   publisher = "Cambridge University Press",
   pages = "174--186",
   year = 1987,
}

@INBOOK{inbook-example,
   author = "D. K. Edwards",
   title = "Thermal Radiation Measurements",
   address = "New York, USA",
   booktitle = "Measurements in Heat Transfer",
   publisher = "Hemisphere Publishing Corporation",
   editor = "E. R. G. Eckert and R. J. Goldstein",
   edition = 2,
   year = "1976",
   chapter = "10",
}

@MASTERSTHESIS{mastersthesis-example,
   author = "A. Tuntomo",
   title = "Transport Phenomena in a Small Particle with Internal Radiant Absorption",
   school = "University of California at Berkeley",
   type = "{Ph.D.} dissertation",
   address = "Berkeley, California, USA",
   year = 1990,
}

@PHDTHESIS{phdthesis-example,
   author = "Paes~Junior, H. R.",
   title = "Influ{\^e}ncia da Espessura da Camada Intr{\'i}nseca e Energia do Foton na Degrada{\c c}\~ao de C{\'e}lulas Solares de Sil{\'i}cio Amorfo Hidrogenado",
   school = "COPPE/UFRJ",
   address = "Rio de Janeiro, RJ, Brasil",
   type = "Tese de {D.Sc.}",
   year = 1994,
}


%%%%%%%%%%%%%%%%%%%%%

@book{gardner1989,
  author={Gardner, William A and Robinson, Enders A},
  title={Statistical Spectral Analysisâ€”a Nonprobabilistic Theory},
  publisher = {Prentice Hall},
  year={1989}
}

@article{gardner1991,
  author={Gardner, William A},
    title={Exploitation of spectral redundancy in cyclostationary signals},
  journal={IEEE Signal processing magazine},
  year={1991},
  volume={8},
  number={2},
  pages={14--36},
  month = {},
  publisher={IEEE}
}

@article{langner1992,
  title={Periodicity coding in the auditory system},
  author={Langner, Gerald},
  journal={Hearing research},
  volume={60},
  number={2},
  pages={115--142},
  year={1992},
  publisher={Elsevier}
}

@article{drullman1994,
  author={Drullman, Rob and Festen, Joost M and Plomp, Reinier},
  title={Effect of temporal envelope smearing on speech reception},
  journal={The Journal of the Acoustical Society of America},
  year={1994},
  volume={95},
  number={2},
  pages={1053--1064},
  month           = {},
  publisher={Acoustical Society of America}
}

@article{loughlin1996,
  author={Loughlin, Patrick J and Tacer, Berkant},
  title={On the amplitude-and frequency-modulation decomposition of signals},
  journal={The Journal of the Acoustical Society of America},
  year={1996},
  volume={100},
  number={3},
  pages={1594--1601},
  publisher={Acoustical Society of America}
}


@inproceedings{greenberg1997,
  author={Greenberg, Steven and Kingsbury, Brian ED},
  title={The modulation spectrogram: In pursuit of an invariant
   representation of speech},
  booktitle={1997 IEEE International Conference on Acoustics,
   Speech, and Signal Processing},
  year={1997},
  volume={3},
  pages={1647--1650},
  address = {Munich, Germany},
  month = {aug},
  organization={IEEE}
}


@article{cohen1999,
  author={Cohen, Leon and Loughlin, Patrick and Vakman, David},
  title={On an ambiguity in the definition of the amplitude and phase
   of a signal},
  journal={Signal Processing},
  year={1999},
  volume={79},
  number={3},
  pages={301--307},
  publisher={Elsevier}
  }

@article{rao2000,
  author={Rao, Ashwin and Kumaresan, Ramdas},
  title={On decomposing speech into modulated components},
  journal={IEEE Transactions on Speech and Audio Processing},
  year={2000},
  volume={8},
  number={3},
  pages={240--254},
  publisher={IEEE}
}

@article{marzinzik2001,
  author={Marzinzik, Mark and Kollmeier, Birger},
  title={A review of the Ephraim-Malah noise reduction algorithms},
  journal={ZEITSCHRIFT FUR AUDIOLOGIE},
  year={2001},
  volume={40},
  number={1},
  pages={4--15},
}


@inproceedings{greenberg2001,
  author={Greenberg, Steven and Arai, Takayuki},
  title={The relation between speech intelligibility
   and the complex modulation spectrum},
  booktitle={Seventh European Conference on
   Speech Communication and Technology},
  year={2001},
  pages={473--476},
  address = {Aalborg, Denmark}
}

@inproceedings{atlas2001,
  author={Vinton, Mark S and Atlas, Les E},
  title={Scalable and progressive audio codec},
  booktitle={2001 IEEE International Conference on Acoustics, Speech,
   and Signal Processing. Proceedings Cat. No. 01CH37221},
  year={2001},
  pages={3277--3280},
  address = "Salt Lake City, Utah, USA",
  month= may,
}

@article{rossing2002,
  author={Rossing, Thomas D and Stumpf, Folden B},
  title={The Science of Sound},
  journal={American Journal of Physics},
  volume={50},
  number={10},
  pages={955--955},
  edition = {3},
  year={2002}
}

@techreport{atlas2003report,
  author      = {Les Atlas},
  title       = {Modulation Spectral Transforms - 
  Application to Speech Separation and Modification},
  note = {SPEECH DYNAMICS BY EAR, EYE, MOUTH AND MACHINE, An Interdisciplinary
   Workshop},
  year        = {2003},
  address = {Kyoto, Japan},
  month={6},
  institution = {IEICE and The Acoustical Society of Japan},
}

@article{atlas2003,
  author={Atlas, Les and Shamma, Shihab A},
  title={Joint acoustic and modulation frequency},
  journal={EURASIP Journal on Advances in Signal Processing},
  year={2003},
  volume={2003},
  number={7},
  pages={1--8},
  publisher={SpringerOpen}
}


@article{joris2004,
  title={Neural processing of amplitude-modulated sounds},
  author={Joris, PX and Schreiner, CE and Rees, A},
  journal={Physiological reviews},
  volume={84},
  number={2},
  pages={541--577},
  year={2004},
  publisher={American Physiological Society}
}

@inproceedings{atlas2004,
  author={Atlas, Les and Li, Qin and Thompson, Jeffrey},
  title={Homomorphic modulation spectra},
  booktitle={2004 IEEE International Conference on Acoustics, Speech,
   and Signal Processing},
  year={2004},
  volume={2},
  pages={ii--761},
  address =   {Montreal, QC, Canada},
  organization={IEEE}
}

@article{shamma2005,
  author={Chi, Taishih and Ru, Powen and Shamma, Shihab A},
  title={Multiresolution spectrotemporal analysis of complex sounds},
  journal={The Journal of the Acoustical Society of America},
  year={2005},
  volume={118},
  number={2},
  pages={887--906},
  publisher={Acoustical Society of America}
}


@inproceedings{atlas2005properties,
  author={Li, Qin and Atlas, Les},
  title={Properties for modulation spectral filtering},
  booktitle={Proceedings. ICASSP'05. IEEE International Conference
   on Acoustics, Speech, and Signal Processing, 2005.},
  year={2005},
  volume={4},
  pages={iv--521},
  address = {Philadelphia, PA, USA},
  month = {3},
  organization={IEEE}
}

@inproceedings{atlas2005coherent,
  author={Schimmel, Steven and Atlas, Les},
  title={Coherent envelope detection for modulation filtering of speech},
  booktitle={Proceedings ICASSP'05. IEEE International Conference
   on Acoustics, Speech, and Signal Processing, 2005.},
  year={2005},
  volume={1},
  pages={I--221},
  address = {Philadelphia, PA, USA},
  month = {3},
  organization={IEEE}
}

@inproceedings{falk2007,
  author={Falk, Tiago H and Stadler, Svante and Kleijn, W Bastiaan and Chan, 
  Wai-Yip},
  title={Noise suppression based on extending a speech-dominated modulation
  band},
  booktitle={Eighth Annual Conference of the International Speech Communication
   Association},
  year={2007},
   pages= {970-973},
   address = {Antwerp, Belgium},
   month           = {aug}
}


@inproceedings{atlas2007,
  author={Schimmel, Steven M and Atlas, Les E and Nie, Kaibao},
  title={Feasibility of single channel speaker separation based on
   modulation frequency analysis},
  booktitle={2007 IEEE International Conference on Acoustics, Speech and
   Signal Processing-ICASSP'07},
  year={2007},
  address= {Honolulu, Hawaii, USA},
  pages={IV--605},
}

@book{angus2009,
   author =    {David Howard, Jamie Angus},
   title =     {Acoustics and Psychoacoustics},
   publisher = {Focal Press},
   year =      {2009},
   address = {},
   edition =   {4},
}

@inproceedings{markaki2009,
  author={Markaki, Maria and Stylianou, Yannis},
  title={Using modulation spectra for voice pathology detection and
   classification},
  booktitle={2009 Annual International Conference of the IEEE Engineering
   in Medicine and Biology Society},
  year={2009},
  address = {Minneapolis, MN, USA},
  pages={2514--2517},
}

@techreport{toolbox2010,
  author       = {Les Atlas, Pascal Clark and Steven Schimmel},
  title        = {Modulation Toolbox Version 2.1 for MATLAB},
  url = {https://sites.google.com/a/uw.edu/isdl/projects/modulation-toolbox},
  school = {University of Washington},
  institution = {University of Washington},
  type = {Pacote de software},
  year = {2010},
  month = {sep}
}

@inproceedings{moritz2011,
  author={Moritz, Niko and Anem{\"u}ller, J{\"o}rn and Kollmeier, Birger},
  title={Amplitude modulation spectrogram based features for robust speech
   recognition in noisy and reverberant environments},
  booktitle={2011 IEEE International Conference on Acoustics, Speech and Signal
   Processing - ICASSP},
  year={2011},
  address = {Prague, Czech Republic},
  pages={5492--5495}
}

@mastersthesis{zheng2011,
  author={Zheng, Chenxi},
  title={Single-Microphone Speech Dereverberation:
   Modulation Domain Processing and Quality Assessment},
  school = {Queenâ€™s University},
  year={2011},
  address = {Kingston, Ontario, Canada},
  type={ M. Sc. thesis},
  month   = {6}
}

@mastersthesis{silva2011,
  author={Silva, Luiz Felipe da and others},
  title={Redu{\c{c}}{\~a}o de ru{\'\i}dos em sinais de voz utilizando uma
   fun{\c{c}}{\~a}o de ganhos adaptativa para o filtro de Wiener},
  school = {Universidade Federal de Santa Catarina},
  year={2011},
  type={ M. Sc. thesis},
  address = {FlorianÃ³polis, SC}
}

@article{paliwal2011phase,
  author={Paliwal, Kuldip and Schwerin, Belinda and Wojcicki, Kamil},
  title={Role of modulation magnitude and phase spectrum towards
   speech intelligibility},
  journal={Speech Communication},
  year={2011},
  volume={53},
  number={3},
  pages={327--339},
  publisher={Elsevier}
}

@article{paliwal2011kalman,
  author={So, Stephen and Paliwal, Kuldip K},
  title={Modulation-domain Kalman filtering for single-channel
   speech enhancement},
  journal={Speech Communication},
  year={2011},
  volume={53},
  number={6},
  pages={818--829},
  publisher={Elsevier}
}


@article{paliwal2012mmse,
  author={Paliwal, Kuldip and Schwerin, Belinda and W{\'o}jcicki, Kamil},
  title={Speech enhancement using a minimum mean-square error short-time
   spectral modulation magnitude estimator},
  journal={Speech Communication},
  year={2012},
  volume={54},
  number={2},
  pages={282--305},
  publisher={Elsevier}
}

@book{zwicker2013,
  author={Zwicker, Eberhard and Fastl, Hugo},
  title={Psychoacoustics: Facts and models},
  volume={22},
  year={2013},
  address = {},
  publisher={Springer Science \& Business Media}
}

@article{zhang2013,
  author={Zhang, Yi and Zhao, Yunxin},
  title={Real and imaginary modulation spectral subtraction for speech
   enhancement},
  journal={Speech Communication},
  year={2013},
  volume={55},
  number={4},
  pages={509--522},
  publisher={Elsevier}
}


@book{loizou2013,
  author={Loizou, Philipos C},
  title={Speech enhancement: theory and practice},
  publisher={CRC press},
  year={2013},
  edition = 2,
}

@incollection{paliwal2015,
  author={Paliwal, Kuldip and Schwerin, Belinda},
  title={Modulation Processing for Speech Enhancement},
  booktitle={Speech and Audio Processing for Coding,
   Enhancement and Recognition},
  year={2015},
  address = {Griffith School of Engineering, Nathan Campus,
   Griffith University, Brisbane, QLD, Australia},
  pages={319--345},
  publisher={Springer}
}

@phdthesis{wang2015,
  author={Wang, Yu},
  title={Speech enhancement in the modulation domain},
  school={Imperial College London},
  address = {London, England},
  year={2015},
  type = "Tese de {D.Sc.}",
}

@article{parchami2016,
  author={Parchami, Mahdi and Zhu, Wei-Ping and Champagne, Benoit and Plourde,
   Eric},
  title={Recent developments in speech enhancement in the short-time Fourier
   transform domain},
  journal={IEEE Circuits and Systems Magazine},
  year={2016},
  volume={16},
  number={3},
  pages={45--77},
  publisher={IEEE}
}
@article{wang2017,
  author={Wang, Yu and Brookes, Mike},
  title={Model-based speech enhancement in the modulation domain},
  journal={IEEE/ACM Transactions on Audio, Speech, and Language Processing},
  year={2017},
  volume={26},
  number={3},
  pages={580--594},
  publisher={IEEE}
}

@article{masaya2018,
  author={Masaya, Shogo},
  title={Audio signal separation through complex tensor factorization:
   Utilizing modulation frequency and phase information},
  journal={Signal Processing},
  year={2018},
  volume={142},
  pages={137--148},
  publisher={Elsevier}
}

@article{low2018,
  author={Low, Siow Yong},
  title={Compressive speech enhancement in the modulation domain},
  journal={Speech Communication},
  year={2018},
  volume={102},
  pages={87--99},
  publisher={Elsevier}
}

@inproceedings{schwerin2018,
  author={Schwerin, Belinda and So, Stephen},
  title={A comparative study on acoustic and modulation domain speech
  enhancement algorithms for improving noise robustness in speech recognition},
  booktitle={17th Australasian International Conference on Speech Science and
   Technology},
  year=2018,
  pages={113--116},
  address="Sydney, Australia",
  month={12}
}

@inproceedings{lee2018,
  author={Lee, Shih-kuang and Wang, Syu-Siang and Tsao, Yu and Hung, Jeih-weih},
  title={Speech enhancement based on reducing the detail portion
   of speech spectrograms in modulation domain via discretewavelet transform},
  booktitle={2018 11th International Symposium on Chinese Spoken
   Language Processing - ISCSLP},
  year={2018},
  pages={16--20},
  address={Taipei, Taiwan},
  organization={IEEE}
}


@article{xue2020,
  author={Xue, Wei and Moore, Alastair H and Brookes, Mike and Naylor,
   Patrick A},
  title={Speech enhancement based on modulation-domain
   parametric multichannel Kalman filtering},
  journal={IEEE/ACM Transactions on Audio, Speech, and Language Processing},
  year={2020},
  volume={29},
  pages={393--405},
  publisher={IEEE}
}


@inproceedings{vuong2021,
  author={Vuong, Tyler and Xia, Yangyang and Stern, Richard M},
  title={A Modulation-Domain Loss for Neural-Network-Based
   Real-Time Speech Enhancement},
  booktitle={ICASSP 2021-2021 IEEE International Conference on Acoustics,
  Speech and Signal Processing - ICASSP},
  year={2021},
  address = {Toronto, Ontario, CanadÃ¡},
  pages={6643--6647},
  organization={IEEE}
}

